%% This BibTeX bibliography file was created using BibDesk.
%% http://bibdesk.sourceforge.net/


%% Created for Jeremiah Kelly at 2019-01-06 20:06:41 +0000 


%% Saved with string encoding Unicode (UTF-8) 



@misc{Mayer:1992aa,
	Author = {So Mayer and others},
	Date-Added = {2019-01-06 19:57:49 +0000},
	Date-Modified = {2019-01-06 20:06:38 +0000},
	howpublished = {Film},
	Title = {Revolt, She Said: Women and Film after `68},
	Year = {1992}}

@book{Fisher:2009aa,
	Author = {Fisher, Mark},
	Date-Added = {2019-01-06 19:48:39 +0000},
	Date-Modified = {2019-01-06 19:48:41 +0000},
	Publisher = {John Hunt Publishing},
	Title = {Capitalist realism: Is there no alternative?},
	Year = {2009}}
	
@misc{Fischer:2016aa,
author = {Fisher, M.},
year = {2016},
title = {all of this is temporary. (Video)},
Url = {\url{https://www.youtube.com/watch?v=deZgzw0YHQI&t=381s}}, 
note = {Accessed: 12/12/18}
}

@misc{Fisher:2012aa,
  author = {Fisher, M.},
  year = {2012},
  title ={DIY Conference. (Video).},
  Url ={\url{https://www.youtube.com/watch?v=tJlhwNMuo6E&t=1443s}},
  note = {Accessed: 12/12/18}
}
@article{Jameson:1984aa,
	Author = {Jameson, Fredric},
	Date-Added = {2019-01-06 19:44:12 +0000},
	Date-Modified = {2019-01-06 19:44:13 +0000},
	Journal = {Social Text},
	Number = {9/10},
	Pages = {178--209},
	Publisher = {JSTOR},
	Title = {Periodizing the 60s},
	Year = {1984}, 
	Url = {\url{www.jstor.org/stable/466541}
	},
	note ={Accessed: 08.10.2018}
	}

@book{Vinen:2018aa,
	Author = {Vinen, Richard},
	Date-Added = {2019-01-06 19:41:26 +0000},
	Date-Modified = {2019-01-06 19:41:32 +0000},
	Publisher = {Penguin UK},
	Title = {The Long'68: Radical Protest and Its Enemies},
	Year = {2018}}

@book{Devlin:1969aa,
	Author = {Devlin, Bernadette Devlin McAliskey},
	Date-Added = {2019-01-06 19:38:48 +0000},
	Date-Modified = {2019-01-06 19:39:26 +0000},
	Publisher = {Pan},
	Title = {The price of my soul},
	Year = {1969}}

@misc{Campbell:2008aa,
	Author = {Duncan Campbell},
	howpublished = {Film, 37 minutes, 19 seconds},
	note = {Accessed: 6/1/2019},
	Title = {Bernadette},
	Url = {\url{https://lux.org.uk/work/bernadette}},
	Year = {2008}}
	
@article{Carr:2001aa,
  title={{What is history? With a new introduction by Richard J. Evans}},
  author={Carr, EH},
  journal={Hampshire, Palgrave Macmillan},
  year={2001},
  page ={25}
}

@misc{Walker:2018aa,
Author = {Stephen Walker}, 
title = {{Sinn Féin 'delusional' over origin of civil rights movement}},
note = {Accessed: 6/1/2019},
Url=  {\url{https://www.bbc.co.uk/news/uk-northern-ireland-42996002}},
year = {2018}
}

@misc{Bertenshaw:2016aa,
author = {Bertenshaw, R.},
year = {2016},
title ={Left Behind by Good Friday. Jacobin (online)},
Url = {\url{https://jacobinmag.com/2016/04/bernadette-devlin-interview-derry-civil-rights-troubles-good-friday}},
note = {Accessed : 20.12.2018}
}

@book{Foster:1988aa,
  title={Modern Ireland, 1600-1972},
  author={Foster, Robert Fitzroy and McFarlane, Nicky and North, Margaret},
  year={1988},
  publisher={Allen Lane London}
}

@misc{Weiner:2018aa,
author = {Weiner, A.},
year = {2018}, 
title = {“1968”. ArtReview (Online).},
Url = {\url{https://artreview.com/features/ar_may_2018_feature_andrew_weiner_1968/}}
}

@book{Ford:2005aa,
  title={The Situationist International: A user's guide},
  author={Ford, Simon},
  year={2005},
  publisher={Black Dog London}
}

@book{Prince:2007aa,
  title={Northern Ireland's' 68: Civil Rights, Global Revolt and the Origins of the Troubles},
  author={Prince, Simon},
  year={2007},
  publisher={Irish Academic Press}
}

@book{Kelley:2016aa,
  title={The other special relationship: Race, rights, and riots in Britain and the United States},
  author={Kelley, Robin and Tuck, Stephen},
  year={2016},
  publisher={Springer}
}


@misc{Hutchinson:2018aa,
author= {Hutchinson, P.},
year = {2018},
title = {Angry Young Women: how radical female filmmakers defined the spirit of ’68.},
journal ={The Guardian (Online)},
Url = {\url{https://www.theguardian.com/film/2018/jul/13/club-des-femmes-radical-feminist-queer-film.}},
note = {Accessed 02.01.2019}

}


@misc{Emmerich:2015aa,
year ={2015},
title ={Stonewall (Film)},
note ={Director: Roland Emmerich, Production: Centropolis Entertainment,
Distributor: Roadside Attractions}
}

@article{Hooks:1989aa,
  title={Choosing the margin as a space of radical openness},
  author={Hooks, Bell},
  journal={Framework: The Journal of Cinema and Media},
  number={36},
  pages={15--23},
  year={1989},
  publisher={JSTOR}
}

@article{Macey:2000aa,
  title={{The Penguin dictionary of critical theory}},
  author={Macey, David},
  year={2000},
  publisher={Penguin London}
}

@misc{Yamada:2015aa,
author={Yamada, M.},
year = {2015},
title = {Video artist Duncan Campbell sees between the lines.},
journal = {Japan Times, (Online)},
Url= {\url{https://www.japantimes.co.jp/culture/2015/02/27/arts/video-artist-sees-lines/#.XDDWXRP7SRs.}},
note = {Accessed: 01/11/2018}
}

@book{Walsh:1981aa,
  title={The Brechtian aspect of radical cinema},
  author={Walsh, Martin and Griffiths, Keith M},
  year={1981},
  publisher={BFI Pub.}
}

@book{Wollen:1975aa,
  title={The two avant-gardes},
  author={Wollen, Peter},
  year={1975},
  publisher={na}
}

@misc{Love:2018aa,
year = {2018},
title = {Love Island breaks ITV2 record},
Url={\url{https://www.bbc.co.uk/news/entertainment-arts-44369531}},

note = {Network: ITV2}
}


@misc{ORoirdan:2014aa,
  author = {O’Roirdan, A.},
  year = {2014},
  title = {Duncan Campbell: Is Seeing Believing?. },
  journal ={Irish Examiner (online).},
  Url = {\url{https://www.irishexaminer.com/lifestyle/artsfilmtv/duncan-campbell-is-seeing-believing-300214.html.}},
  note = {Accessed: 04/10/2018}
}


@book{Gidal:2016,
  title={Flare Out: Aesthetics, 1966-2016},
  author={Gidal, Peter and Webber, M.},
  year={2016},
  publisher={Visible Press, London}
}


@misc{Balsom:2018aa,
author ={Balsom, E.},
year = {2018},
title ={{A `New Face' at the Co-op  in A New Face at the Co-Op. Tate In Focus (online).}},
Url = {\url{https://www.tate.org.uk/research/publications/in-focus/the-girl-chewing-gum-john-smith/a-new-face-at-the-co-op.}},
note = {Accessed 19/12/2018}
}

@article{Carstens:2017aa,
  title={A schizoanalytical praxis for social justice education},
  author={Carstens, Delphi},
  journal={Education as Change},
  volume={21},
  number={2},
  pages={25--44},
  year={2017},
  publisher={University of Johannesburg}
}


